% Encoding: UTF-8
@Article{Banerjee2005,
	Title                    = {Clustering with Bregman divergences},
	Author                   = {Banerjee, Arindam and Merugu, Srujana and Dhillon, Inderjit S and Ghosh, Joydeep},
	Journal                  = {Journal of machine learning research},
	Year                     = {2005},
	Number                   = {Oct},
	Pages                    = {1705--1749},
	Volume                   = {6}
}

@Article{Bregman1967,
	Title                    = {The relaxation method of finding the common point of convex sets and its application to the solution of problems in convex programming},
	Author                   = {Bregman, Lev M},
	Journal                  = {USSR computational mathematics and mathematical physics},
	Year                     = {1967},
	Number                   = {3},
	Pages                    = {200--217},
	Volume                   = {7},
	Publisher                = {Elsevier}
}

@article{Chan1999,
	title={Galerkin projection methods for solving multiple linear systems},
	author={Chan, Tony F and Ng, Michael K},
	journal={SIAM Journal on Scientific Computing},
	volume={21},
	number={3},
	pages={836--850},
	year={1999},
	publisher={SIAM}
}

@article{Chapman1997,
	title={Deflated and augmented {K}rylov subspace techniques},
	author={Chapman, Andrew and Saad, Yousef},
	journal={Numerical linear algebra with applications},
	volume={4},
	number={1},
	pages={43--66},
	year={1997},
	publisher={Wiley Online Library}
}

@Article{Chou1989,
	Title                    = {Entropy-constrained vector quantization},
	Author                   = {Chou, Philip A and Lookabaugh, Tom and Gray, Robert M},
	Journal                  = {IEEE Transactions on Acoustics, Speech, and Signal Processing},
	Year                     = {1989},
	Number                   = {1},
	Pages                    = {31--42},
	Volume                   = {37},
	Publisher                = {IEEE}
}

@article{cockayne2019bayesian,
	title={A Bayesian conjugate gradient method (with discussion)},
	author={Cockayne, Jon and Oates, Chris J and Ipsen, Ilse CF and Girolami, Mark and others},
	journal={Bayesian Analysis},
	volume={14},
	number={3},
	pages={937--1012},
	year={2019},
	publisher={International Society for Bayesian Analysis}
}

@incollection{Concus1976,
	title={A generalized conjugate gradient method for the numerical solution of elliptic partial differential equations},
	author={Concus, Paul and Golub, Gene H and O'Leary, Dianne P},
	booktitle={Sparse matrix computations},
	pages={309--332},
	year={1976},
	publisher={Elsevier}
}

@article{contreras2018a,
	title={Parallel Domain Decomposition Strategies for Stochastic Elliptic Equations. {P}art {A}: Local {K}arhunen--{L}o{\`e}ve Representations},
	author={Contreras, Andres A and Mycek, Paul and Le Ma{\^\i}tre, Olivier P and Rizzi, Francesco and Debusschere, Bert and Knio, Omar M},
	journal={SIAM Journal on Scientific Computing},
	volume={40},
	number={4},
	pages={C520--C546},
	year={2018},
	publisher={SIAM}
}

@article{Contreras2018b,
	title={Parallel Domain Decomposition Strategies for Stochastic Elliptic Equations. {P}art {B}: Accelerated {M}onte {C}arlo Sampling with Local {PC} Expansions},
	author={Contreras, Andres A and Mycek, Paul and Le Ma{\^\i}tre, Olivier P and Rizzi, Francesco and Debusschere, Bert and Knio, Omar M},
	journal={SIAM Journal on Scientific Computing},
	volume={40},
	number={4},
	pages={C547--C580},
	year={2018},
	publisher={SIAM}
}

@article{Coulaud2013,
	title={Deflation and augmentation techniques in {Krylov} subspace methods for the solution of linear systems},
	author={Coulaud, Olivier and Giraud, Luc and Ramet, Pierre and Vasseur, Xavier},
	journal={arXiv preprint arXiv:1303.5692},
	year={2013}
}

@InProceedings{Davies,
	author="Davies, Philip I.
	and Higham, Nicholas J.",
	editor="Bori{\textasciitilde}i, Artan
	and Frommer, Andreas
	and Jo{\'o}, B{\'a}lint
	and Kennedy, Anthony
	and Pendleton, Brian",
	title="Computing f(A)b for Matrix Functions f",
	booktitle="QCD and Numerical Analysis III",
	year="2005",
	publisher="Springer Berlin Heidelberg",
	address="Berlin, Heidelberg",
	pages="15--24",
	abstract="For matrix function f we investigate how to compute a matrix-vector product f(A)b without explicitly computing f(A). A general method is described that applies quadrature to the matrix version of the Cauchy integral theorem. Methods specific to the logarithm, based on quadrature, and fractional matrix powers, based on solution of an ordinary differential equation initial value problem, are also presented",
	isbn="978-3-540-28504-5"
}


@article{Davis1970,
	title={The rotation of eigenvectors by a perturbation. {III}},
	author={Davis, Chandler and Kahan, William Morton},
	journal={SIAM Journal on Numerical Analysis},
	volume={7},
	number={1},
	pages={1--46},
	year={1970},
	publisher={SIAM}
}

@book{Dongarra1998,
	title={Numerical linear algebra for high-performance computers},
	author={Dongarra, Jack J and Duff, Iain S and Sorensen, Danny C and Van der Vorst, Henk A},
	volume={7},
	year={1998},
	publisher={Siam}
}

@article{Dostal1988,
	title={Conjugate gradient method with preconditioning by projector},
	author={Dost{\'a}l, Zden{\v{e}}k},
	journal={International Journal of Computer Mathematics},
	volume={23},
	number={3-4},
	pages={315--323},
	year={1988},
	publisher={Taylor \& Francis}
}

@article{Erhel2000,
	title={An augmented conjugate gradient method for solving consecutive symmetric positive definite linear systems},
	author={Erhel, Jocelyne and Guyomarc'h, Fr{\'e}d{\'e}ric},
	journal={SIAM Journal on Matrix Analysis and Applications},
	volume={21},
	number={4},
	pages={1279--1299},
	year={2000},
	publisher={SIAM}
}


@Article{Fischer2010,
	title = {Quantization and clustering with Bregman divergences},
	author = {Fischer, Aur{\'e}lie},
	journal = {Journal of Multivariate Analysis},
	year = {2010},
	number = {9},
	pages = {2207--2221},
	volume = {101},
	publisher = {Elsevier}
}



@article{Frank2001,
	title={On the construction of deflation-based preconditioners},
	author={Frank, Jason and Vuik, Cornelis},
	journal={SIAM Journal on Scientific Computing},
	volume={23},
	number={2},
	pages={442--462},
	year={2001},
	publisher={SIAM}
}

@Article{Frigyik2008,
	Title                    = {Functional Bregman divergence and Bayesian estimation of distributions},
	Author                   = {Frigyik, Bela A and Srivastava, Santosh and Gupta, Maya R},
	Journal                  = {IEEE Transactions on Information Theory},
	Year                     = {2008},
	Number                   = {11},
	Pages                    = {5130--5139},
	Volume                   = {54},
	Publisher                = {IEEE}
}

@article{frommer1999fast,
	title={Fast {CG}-Based Methods for {T}ikhonov--{P}hillips Regularization},
	author={Frommer, Andreas and Maass, Peter},
	journal={SIAM Journal on Scientific Computing},
	volume={20},
	number={5},
	pages={1831--1850},
	year={1999},
	publisher={SIAM}
}

@inproceedings{gardner2018gpytorch,
	title={Gpytorch: Blackbox matrix-matrix gaussian process inference with gpu acceleration},
	author={Gardner, Jacob and Pleiss, Geoff and Weinberger, Kilian Q and Bindel, David and Wilson, Andrew G},
	booktitle={Advances in Neural Information Processing Systems},
	pages={7576--7586},
	year={2018}
}


@article{Giraud2006,
	title={A comparative study of iterative solvers exploiting spectral information for {SPD} systems},
	author={Giraud, Luc and Ruiz, Daniel and Touhami, Ahmed},
	journal={SIAM Journal on Scientific Computing},
	volume={27},
	number={5},
	pages={1760--1786},
	year={2006},
	publisher={SIAM}
}

@article{Gosselet2013,
	title={Total and selective reuse of {K}rylov subspaces for the resolution of sequences of nonlinear structural problems},
	author={Gosselet, Pierre and Rey, Christian and Pebrel, Julien},
	journal={International Journal for Numerical Methods in Engineering},
	volume={94},
	number={1},
	pages={60--83},
	year={2013},
	publisher={Wiley Online Library}
}

@book{Greenbaum1997,
	title={Iterative methods for solving linear systems},
	author={Greenbaum, Anne},
	year={1997},
	publisher={SIAM}
}


@Book{Gersho2012,
	Title = {Vector quantization and signal compression},
	Author = {Gersho, Allen and Gray, Robert M},
	Publisher = {Springer Science \& Business Media},
	Year = {2012},
	Volume = {159}
}



@Book{Graf2007,
	Title = {Foundations of quantization for probability distributions},
	Author = {Graf, Siegfried and Luschgy, Harald},
	Publisher = {Springer},
	Year = {2007}
}




@article{Gutknecht2012,
	title={Spectral deflation in {K}rylov solvers: A theory of coordinate space based methods},
	author={Gutknecht, Martin H},
	journal={Electron. Trans. Numer. Anal},
	volume={39},
	pages={156--185},
	year={2012}
}

@article{hale2008computing,
	title={Computing A\^{}$\alpha$,$\backslash$log(A), and related matrix functions by contour integrals},
	author={Hale, Nicholas and Higham, Nicholas J and Trefethen, Lloyd N},
	journal={SIAM Journal on Numerical Analysis},
	volume={46},
	number={5},
	pages={2505--2523},
	year={2008},
	publisher={SIAM}
}


@book{Hestenes1952,
	title={Methods of conjugate gradients for solving linear systems},
	author={Hestenes, Magnus Rudolph and Stiefel, Eduard},
	volume={49},
	number={1},
	year={1952},
	publisher={NBS Washington, DC}
}

@article{Hochstenbach2008,
	title={Harmonic and refined {R}ayleigh--{R}itz for the polynomial eigenvalue problem},
	author={Hochstenbach, Michiel E and Sleijpen, Gerard LG},
	journal={Numerical Linear Algebra with Applications},
	volume={15},
	number={1},
	pages={35--54},
	year={2008},
	publisher={Wiley Online Library}
}

@article{jankowiak2019sparse,
	title={Sparse gaussian process regression beyond variational inference},
	author={Jankowiak, Martin and Pleiss, Geoff and Gardner, Jacob R},
	journal={arXiv preprint arXiv:1910.07123},
	year={2019}
}


@article{Jin2007,
	title={Parallel domain decomposition methods for stochastic elliptic equations},
	author={Jin, Chao and Cai, Xiao-Chuan and Li, Congming},
	journal={SIAM Journal on Scientific Computing},
	volume={29},
	number={5},
	pages={2096--2114},
	year={2007},
	publisher={SIAM}
}

@article{Jones2001,
	title={Probability Distributions via {M}arkov Chain {M}onte {C}arlo},
	author={Jones, Galin L and Hobert, James P},
	journal={Statistical Science},
	volume={16},
	number={4},
	pages={312--334},
	year={2001}
}

@article{Jones2004,
	title={On the {M}arkov chain central limit theorem},
	author={Jones, Galin L and others},
	journal={Probability surveys},
	volume={1},
	number={299-320},
	pages={5--1},
	year={2004}
}

@article{Jones2006,
	title={Fixed-width output analysis for {M}arkov chain {M}onte {C}arlo},
	author={Jones, Galin L and Haran, Murali and Caffo, Brian S and Neath, Ronald},
	journal={Journal of the American Statistical Association},
	volume={101},
	number={476},
	pages={1537--1547},
	year={2006},
	publisher={Taylor \& Francis}
}

@article{Kac1947,
  author  = {M. Kac and A.J.F. Siegert},
  title   = {An explicit representation of a stationary Gaussian process},
  journal = {Ann. Math. Stat.},
  volume  = {18},
  pages   = {438-442},
  year    = {1947}
}


@article{Kahl2017,
	title={The deflated conjugate gradient method: Convergence, perturbation and accuracy},
	author={Kahl, K and Rittich, H},
	journal={Linear Algebra and its Applications},
	volume={515},
	pages={111--129},
	year={2017},
	publisher={Elsevier}
}

@InCollection{Kohonen1995,
	Title                    = {Learning vector quantization},
	Author                   = {Kohonen, Teuvo},
	Booktitle                = {Self-organizing maps},
	Publisher                = {Springer},
	Year                     = {1995},
	Pages                    = {175--189},
	Owner                    = {nicolas}
}


@Article{Laloee2010,
	title = {L 1-Quantization and clustering in Banach spaces},
	author = {Lalo{\"e}, Thomas},
	journal = {Mathematical Methods of Statistics},
	year = {2010},
	number = {2},
	pages = {136--150},
	volume = {19},
	publisher = {Springer}
}


@article{Lehoucq1997,
	title={{ARPACK} Users' Guide: Solution of Large Scale Eigenvalue Problems with Implicitly Restarted {A}rnoldi Methods.},
	author={Lehoucq, RB and Sorensen, DC and Yang, C}
}


@InCollection{Linder2002,
	Title                    = {Learning-theoretic methods in vector quantization},
	Author                   = {Linder, Tam{\'a}s},
	Booktitle                = {Principles of nonparametric learning},
	Publisher                = {Springer},
	Year                     = {2002},
	Pages                    = {163--210}
}


@article{Mengersen1996,
	title={Rates of convergence of the {H}astings and {M}etropolis algorithms},
	author={Mengersen, Kerrie L and Tweedie, Richard L and others},
	journal={The annals of Statistics},
	volume={24},
	number={1},
	pages={101--121},
	year={1996},
	publisher={Institute of Mathematical Statistics}
}

@article{Morgan1991,
	title = "Computing interior eigenvalues of large matrices",
	journal = "Linear Algebra and its Applications",
	volume = "154-156",
	pages = "289 - 309",
	year = "1991",
	issn = "0024-3795",
	doi = "https://doi.org/10.1016/0024-3795(91)90381-6",
	url = "http://www.sciencedirect.com/science/article/pii/0024379591903816",
	author = "Ronald B. Morgan"
}

@article{Morgan2006,
	title={A harmonic restarted {A}rnoldi algorithm for calculating eigenvalues and determining multiplicity},
	author={Morgan, Ronald B and Zeng, Min},
	journal={Linear algebra and its applications},
	volume={415},
	number={1},
	pages={96--113},
	year={2006},
	publisher={Elsevier}
}

@article{Nicolaides1987,
	title={Deflation of conjugate gradients with applications to boundary value problems},
	author={Nicolaides, Roy A},
	journal={SIAM Journal on Numerical Analysis},
	volume={24},
	number={2},
	pages={355--365},
	year={1987},
	publisher={SIAM}
}

@MISC{OlSc2018,
	author={Olson, L. N. and Schroder, J. B.},
	title={{PyAMG}: Algebraic Multigrid Solvers in {Python} v4.0},
	year={2018},
	url={https://github.com/pyamg/pyamg},
	note={Release 4.0}
}

@phdthesis{Paige1971,
	title={The computation of eigenvalues and eigenvectors of very large sparse matrices.},
	author={Paige, Christopher Conway},
	year={1971},
	school={University of London}
}

@article{Paige1995,
	title={Approximate solutions and eigenvalue bounds from {K}rylov subspaces},
	author={Paige, Chris C and Parlett, Beresford N and Van der Vorst, Henk A},
	journal={Numerical linear algebra with applications},
	volume={2},
	number={2},
	pages={115--133},
	year={1995},
	publisher={Wiley Online Library}
}

@Article{Pages1998,
	Title                    = {A space quantization method for numerical integration},
	Author                   = {Pag{\`e}s, Gilles},
	Journal                  = {Journal of computational and applied mathematics},
	Year                     = {1998},
	Number                   = {1},
	Pages                    = {1--38},
	Volume                   = {89},
	Publisher                = {Elsevier},
}


@Article{Pages2003,
	Title                    = {Optimal quadratic quantization for numerics: the Gaussian case},
	Author                   = {Pag{\`e}s, Gilles and Printems, Jacques},
	Journal                  = {Monte Carlo methods and applications},
	Year                     = {2003},
	Number                   = {2},
	Pages                    = {135--165},
	Volume                   = {9},
	Publisher                = {De Gruyter}
}


@article{Parks2006,
	title={Recycling {K}rylov subspaces for sequences of linear systems},
	author={Parks, Michael L and De Sturler, Eric and Mackey, Greg and Johnson, Duane D and Maiti, Spandan},
	journal={SIAM Journal on Scientific Computing},
	volume={28},
	number={5},
	pages={1651--1674},
	year={2006},
	publisher={SIAM}
}

@article{Parlett1980,
	title={A new look at the {L}anczos algorithm for solving symmetric systems of linear equations},
	author={Parlett, Beresford N},
	journal={Linear algebra and its applications},
	volume={29},
	pages={323--346},
	year={1980},
	publisher={Elsevier}
}

@book{Parlett1998,
	title={The symmetric eigenvalue problem},
	author={Parlett, Beresford N},
	volume={20},
	year={1998},
	publisher={SIAM}
}

@article{pereira2020matrix,
	title={A matrix-free approach to geostatistical filtering},
	author={Pereira, Mike and Desassis, Nicolas and Magneron, C{\'e}dric and Palmer, Nathan},
	journal={arXiv preprint arXiv:2004.02799},
	year={2020}
}

@article{pleiss2020fast,
	title={Fast Matrix Square Roots with Applications to {G}aussian Processes and {B}ayesian Optimization},
	author={Pleiss, Geoff and Jankowiak, Martin and Eriksson, David and Damle, Anil and Gardner, Jacob R},
	journal={arXiv preprint arXiv:2006.11267},
	year={2020}
}

@inproceedings{ram2019scalable,
	title={Scalable Hyperparameter Optimization with Lazy Gaussian Processes},
	author={Ram, Raju and M{\"u}ller, Sabine and Pfreundt, Franz-Josef and Gauger, Nicolas R and Keuper, Janis},
	booktitle={2019 IEEE/ACM Workshop on Machine Learning in High Performance Computing Environments (MLHPC)},
	pages={56--65},
	year={2019},
	organization={IEEE}
}

@article{Rey1998,
	title={A {R}ayleigh--{R}itz preconditioner for the iterative solution to large scale nonlinear problems},
	author={Rey, Christian and Risler, Franck},
	journal={Numerical Algorithms},
	volume={17},
	number={3-4},
	pages={279--311},
	year={1998},
	publisher={Springer}
}


@article{Roberts1996,
	title={Geometric Convergence and Central Limit Theorems for Multidimensional {H}astings and {M}etropolis Algorithms},
	author={Roberts, GO and Tweedie, RL},
	journal={Biometrika},
	pages={95--110},
	year={1996},
	publisher={JSTOR}
}

@article{Roberts1997,
	title={Weak convergence and optimal scaling of random walk {M}etropolis algorithms},
	author={Roberts, Gareth O and Gelman, Andrew and Gilks, Walter R and others},
	journal={The annals of applied probability},
	volume={7},
	number={1},
	pages={110--120},
	year={1997},
	publisher={Institute of Mathematical Statistics}
}

@article{de2017krylov,
	title={Krylov subspace recycling for fast iterative least-squares in machine learning},
	author={de Roos, Filip and Hennig, Philipp},
	journal={arXiv preprint arXiv:1706.00241},
	year={2017}
}


@article{Saad1987,
	title={On the {L}anczos method for solving symmetric linear systems with several right-hand sides},
	author={Saad, Youcef},
	journal={Mathematics of computation},
	volume={48},
	number={178},
	pages={651--662},
	year={1987}
}

@article{Saad1997,
	title={Analysis of augmented {K}rylov subspace methods},
	author={Saad, Yousef},
	journal={SIAM Journal on Matrix Analysis and Applications},
	volume={18},
	number={2},
	pages={435--449},
	year={1997},
	publisher={SIAM}
}

@article{Saad2000,
	author = {Saad, Y. and Yeung, M. and Erhel, J. and Guyomarc'h, F.},
	title = {A Deflated Version of the Conjugate Gradient Algorithm},
	journal = {SIAM J. Sci. Comput.},
	issue_date = {April 2000},
	volume = {21},
	number = {5},
	month = dec,
	year = {1999},
	issn = {1064-8275},
	pages = {1909--1926},
	numpages = {18},
	acmid = {351541},
	publisher = {Society for Industrial and Applied Mathematics},
	address = {Philadelphia, PA, USA},
	keywords = {Lanczos algorithm, conjugate gradient, deflation, multiple right-hand sides},
}

@book{Saad2003,
	title={Iterative methods for sparse linear systems},
	author={Saad, Yousef},
	volume={82},
	year={2003},
	publisher={SIAM}
}

@book{Saad2011,
	title={Numerical methods for large eigenvalue problems: revised edition},
	author={Saad, Yousef},
	volume={66},
	year={2011},
	publisher={SIAM}
}

@article{Spillane2016,
	title={An Adaptive MultiPreconditioned Conjugate Gradient Algorithm},
	author={Nicole T Spillane},
	journal={SIAM J. Scientific Computing},
	year={2016},
	volume={38}
}

@article{Stathopoulos2010,
	title={Computing and deflating eigenvalues while solving multiple right-hand side linear systems with an application to quantum chromodynamics},
	author={Stathopoulos, Andreas and Orginos, Konstantinos},
	journal={SIAM Journal on Scientific Computing},
	volume={32},
	number={1},
	pages={439--462},
	year={2010},
	publisher={SIAM}
}

@article{Tang2009,
	author="Tang, J. M.
	and Nabben, R.
	and Vuik, C.
	and Erlangga, Y. A.",
	title="Comparison of Two-Level Preconditioners Derived from Deflation, Domain Decomposition and Multigrid Methods",
	journal="Journal of Scientific Computing",
	year="2009",
	month="Jun",
	day="01",
	volume="39",
	number="3",
	pages="340--370",
	issn="1573-7691",
	doi="10.1007/s10915-009-9272-6",
	url="https://doi.org/10.1007/s10915-009-9272-6"
}

@article{vanderSLuis1986,
	title={The rate of convergence of conjugate gradients},
	author={Van der Sluis, Abraham and van der Vorst, Henk A},
	journal={Numerische Mathematik},
	volume={48},
	number={5},
	pages={543--560},
	year={1986},
	publisher={Springer}
}

@article{van1987,
	title={An iterative solution method for solving f({A})x=b, using {K}rylov subspace information obtained for the symmetric positive definite matrix {A}},
	author={Van der Vorst, Henk A},
	journal={Journal of Computational and Applied Mathematics},
	volume={18},
	number={2},
	pages={249--263},
	year={1987},
	publisher={North-Holland}
}

@article{Vuik1999,
	title={An efficient preconditioned {CG} method for the solution of a class of layered problems with extreme contrasts in the coefficients},
	author={Vuik, C and Segal, A and Meijerink, JA},
	journal={Journal of Computational Physics},
	volume={152},
	number={1},
	pages={385--403},
	year={1999},
	publisher={Elsevier}
}

@inproceedings{wang2019exact,
	title={Exact Gaussian processes on a million data points},
	author={Wang, Ke and Pleiss, Geoff and Gardner, Jacob and Tyree, Stephen and Weinberger, Kilian Q and Wilson, Andrew Gordon},
	booktitle={Advances in Neural Information Processing Systems},
	pages={14648--14659},
	year={2019}
}


@article{cm2020,
	title={Rejected paper from {SISC}},
	author={Venkovic, Nicolas and Mycek, Paul and Giraud, Luc and Le Ma\'{i}tre, Olivier},
	journal={},
	volume={},
	number={},
	pages={},
	year={},
	publisher={}
}



@article{Author2021,
	title={Spectral deflation in {K}rylov solvers: A theory of coordinate space based methods},
	author={Gutknecht, Martin H},
	journal={Electron. Trans. Numer. Anal},
	volume={39},
	pages={156--185},
	year={2012}
}



